<record><leader>00000cas a22000007a 4500</leader><controlfield tag="001">9558488</controlfield><controlfield tag="008">830528d18331833nyudr ne      0    0eng d</controlfield><datafield ind1=" " ind2=" " tag="010"><subfield code="a">sn 83030514 </subfield></datafield><datafield ind1=" " ind2=" " tag="040"><subfield code="a">NPU</subfield><subfield code="b">eng</subfield><subfield code="c">NPU</subfield><subfield code="d">OCLCG</subfield><subfield code="d">OCLCQ</subfield><subfield code="d">OCLCO</subfield></datafield><datafield ind1="1" ind2=" " tag="029"><subfield code="a">AU@</subfield><subfield code="b">000025825371</subfield></datafield><datafield ind1=" " ind2=" " tag="042"><subfield code="a">msc</subfield></datafield><datafield ind1="0" ind2=" " tag="130"><subfield code="a">Morning post (New York, N.Y. : 1833)</subfield></datafield><datafield ind1="1" ind2="4" tag="245"><subfield code="a">The Morning post.</subfield></datafield><datafield ind1=" " ind2=" " tag="260"><subfield code="a">New York :</subfield><subfield code="b">H.D. Shepard &amp; Co.</subfield></datafield><datafield ind1=" " ind2=" " tag="300"><subfield code="a">v. ;</subfield><subfield code="c">44 cm.</subfield></datafield><datafield ind1=" " ind2=" " tag="310"><subfield code="a">Daily</subfield></datafield><datafield ind1="1" ind2=" " tag="362"><subfield code="a">Began in Jan. 1833; ceased in 1833.</subfield><subfield code="z">Cf. Fox, New York City newsp.</subfield></datafield><datafield ind1=" " ind2=" " tag="500"><subfield code="a">"Republic."</subfield></datafield><datafield ind1=" " ind2=" " tag="500"><subfield code="a">"First penny paper of any pretensions in the U.S." Cf. Fox, New York City newsp.</subfield></datafield><datafield ind1=" " ind2=" " tag="500"><subfield code="a">Editors: Horatio David Shepard; Horace Greeley; Francis V. Story.</subfield></datafield><datafield ind1=" " ind2=" " tag="588"><subfield code="a">Description based on: Vol. 1, no. 4 (Jan. 21, 1833).</subfield></datafield><datafield ind1="1" ind2=" " tag="700"><subfield code="a">Shepard, Horatio David.</subfield></datafield><datafield ind1="1" ind2=" " tag="700"><subfield code="a">Greeley, Horace,</subfield><subfield code="d">1811-1872.</subfield></datafield><datafield ind1="1" ind2=" " tag="700"><subfield code="a">Story, Francis, V.</subfield></datafield><datafield ind1=" " ind2=" " tag="752"><subfield code="a">United States</subfield><subfield code="b">New York</subfield><subfield code="c">New York</subfield><subfield code="d">New York.</subfield></datafield></record>